@book{Shin2013,
author = {Shin, Shi},
pages = {118},
title = {{Emgu CV Essentials}},
url = {http://www.amazon.com/Emgu-CV-Essentials-Shin/dp/1783559527/ref=sr{\_}1{\_}1?s=books{\&}ie=UTF8{\&}qid=1415059990{\&}sr=1-1{\&}keywords=emgu+cv},
year = {2013}
}
@article{Pinheiro2013,
author = {Pinheiro, Beatriz and Martins, Renato},
file = {:C$\backslash$:/Users/ana/Downloads/0206-TJ-JCr-030.pdf:pdf},
pages = {321--323},
title = {{Carteira de habilita{\c{c}}{\~{a}}o falsa - Ci{\^{e}}ncia da falsidade ideol{\'{o}}gica - Venda - Intermedia{\c{c}}{\~{a}}o - Art . 297 do C{\'{o}}digo Penal - Condena{\c{c}}{\~{a}}o - Estelionato - Desclassifica{\c{c}}{\~{a}}o - Impossibilidade - Indu{\c{c}}{\~{a}}o a erro do comprador - N{\~{a}}o ocorr{\^{e}}ncia - Pena - Dosimetria - Maus a}},
year = {2013}
}
@article{Araujo2015,
author = {Ara{\'{u}}jo, Alex},
file = {:C$\backslash$:/Users/ana/Downloads/21062910.pdf:pdf},
title = {{Sistema de hardware e software para verifica{\c{c}}{\~{a}}o de pre{\c{c}}o em produtos utilizando c{\'{o}}digo de barras}},
year = {2015}
}
@article{Correa2014,
author = {Correa, Marcos Vinicius da Cruz},
file = {:C$\backslash$:/Users/ana/Downloads/Correa{\_}Marcos{\_}Vinicius{\_}da{\_}Cruz.pdf:pdf},
title = {{Controle de rob{\^{o}}s m{\'{o}}veis utilizando Kinect}},
year = {2014}
}
@misc{EmguSite,
title = {{EmguCV}},
url = {http://www.emgu.com/wiki/index.php/Main{\_}Page},
year = 2017
}
@misc{mitek,
title = {Mitek},
url = {https://www.miteksystems.com/}
}
@misc{TrustId,
title = {TrustId},
url = {https://www.trustid.com/}
}
@article{DetranPR,
author = {{DETRAN PR}},
title = {{Departamento de Transito do Parana}},
url = {http://www.detran.pr.gov.br},
year = 2017
}
@article{DetranMG,
author = {{DETRAN MG}},
title = {{Departamento de Transito de Minas Gerais}},
url = {http://www.detran.mg.gov.br},
year = 2017
}
@article{CTB,
author = {CTB},
title = {{C{\'{o}}digo de Tr{\^{a}}nsito Brasileiro}},
url = {http://www.planalto.gov.br/ccivil_03/leis/L9503.htm},
year = 1997
}
@article{Serasa,
author = {Serasa},
title = {{Serasa Consumidor}},
url = {https://www.serasaconsumidor.com.br}
}
@article{Contran,
author = {CONTRAN},
title = {{Conselho Nacional de Tr{\^{a}}nsito}},
url = {http://www.denatran.gov.br/index.php/contran}
}
@article{Zuech,
author = {ZUECH, N},
title = {{Understanding and Applying Machihe Vision }},
volume = {2 ed},
journal = {Yardley, Pennsylvania: Marcel Dekker INC},
year = 1988
}
@article{Cheriet, 
author = {Cheriet, Mohamed},
title = {{Optical character recognition devices}},
year = 2007
}
@article{Mori,
author = {Mori, S and Suen, C.Y. and Yamamoto, K.},
title = {{Historical review of OCR research and development}},
year = 1992
}
@article{SHAPIRO,
author = {SHAPIRO, L. G.},
title = {{Computer Vision}},
year = 2001
}
@article{Bertel2006,
author = {Bertel, Sven and Barkowsky, Thomas and Engel, Dominik and Freksa, Christian},
file = {:C$\backslash$:/Users/ana/Downloads/Engel06b.pdf:pdf},
journal = {Review Literature And Arts Of The Americas},
keywords = {brain,imagery,mental imagery,model},
number = {Iccm},
pages = {50--55},
title = {{Computational Modeling of Reasoning with Mental Images: Basic Requirements *}},
year = {2006}
}
@article{Mari2010,
author = {Mari, Hugo and Carlos, Jos{\'{e}} and da Silveira, Jos{\'{e}} Carlos Cavalheiro},
file = {:C$\backslash$:/Users/ana/Downloads/4347-17085-1-PB.pdf:pdf},
journal = {Scripta},
number = {26},
pages = {3--26},
title = {{Sobre a cogni{\c{c}}{\~{a}}o visual}},
volume = {14},
year = {2010}
}
@article{Hirama2014,
author = {Hirama, Edgar Tamio},
file = {:C$\backslash$:/Ana/PFC/Referencias/OCR/Hirama{\_}Edgar{\_}Tamio.pdf:pdf},
title = {{Desenvolvimento de aplica{\c{c}}{\~{a}}o android para reconhecimento {\'{o}}ptico de caracteres em brinco de identifica{\c{c}}{\~{a}}o animal}},
year = {2014}
}
@article{BORST2008,
author = {BORST, G. and KOSSLYN, S. M.},
doi = {10.3758/MC.36.4.849},
file = {:C$\backslash$:/Users/ana/Downloads/Kosslyn{\_}VisualMentalImagery.pdf:pdf},
isbn = {0090-502X (Print)},
issn = {0090-502X},
journal = {Memory {\&} Cognition},
number = {4},
pages = {849--862},
pmid = {18604966},
title = {{Visual mental imagery and visual perception: Structural equivalence revealed by scanning processes}},
url = {http://www.springerlink.com/index/10.3758/MC.36.4.849},
volume = {36},
year = {2008}
}
@article{Oliveira2010,
author = {de Oliveira, Leonardo Augusto},
file = {:C$\backslash$:/Ana/PFC/Referencias/OCR/Oliveira{\_}Leonardo{\_}Augusto{\_}de.pdf:pdf},
title = {{Localiza{\c{c}}{\~{a}}o e reconhecimento de caracteres em placas de autom{\'{o}}veis}},
year = {2010}
}
@article{CABRAL2014,
author = {CABRAL, FABIO AUGUSTO and MACHADO, VICTOR HUGO PEREIRA},
file = {:C$\backslash$:/Ana/PFC/Referencias/OCR/CT{\_}TECJAVMOV{\_}II{\_}2013{\_}06.pdf:pdf},
journal = {Universidade Tecnol{\'{o}}gica Federal Do Paran{\'{a}}},
title = {{Identificador de placa veicular: alternativa para seguran{\c{c}}a em escolas}},
year = {2014}
}
@article{Canestraro2013,
author = {Canestraro, Amanda},
file = {:C$\backslash$:/Ana/PFC/Referencias/Processamento de imagem/266.pdf:pdf},
keywords = {biometria,geometria da m{\~{a}}o,identifica{\c{c}}{\~{a}}o pessoal,sistema biom{\'{e}}trico},
pages = {72},
title = {{Sistema Biom{\'{e}}trico Baseado na An{\'{a}}lise da Geometria da M{\~{a}}o}},
year = {2013}
}
@article{FadyAboujaoude2014,
author = {{Fady Aboujaoude}},
file = {:C$\backslash$:/Ana/PFC/Referencias/Vis{\~{a}}o Processo/TCC-Fady-Aboujaoude.pdf:pdf},
pages = {71},
title = {{Desenvolvimento de um Sistema de Baixo Custo para Rejei{\c{c}}{\~{a}}o de Objetos Indesej{\'{a}}veis em Linhas de Produ{\c{c}}{\~{a}}o Usando Vis{\~{a}}o Computacional}},
year = {2014}
}
@article{Lopes2015,
author = {Lopes, Ludmila de Oliveira Moreira},
file = {:C$\backslash$:/Users/ana/Downloads/Monografia.pdf:pdf},
title = {{Detec{\c{c}}{\~{a}}o de Movimentos Suspeitos Utilizando Vis{\~{a}}o Computacional}},
year = {2015}
}
@article{Nascimento2012,
author = {do Nascimento, Jean Dias},
file = {:C$\backslash$:/Ana/PFC/Referencias/Detec{\c{c}}{\~{a}}o placa/Monografia JEAN DIAS 2{\_}2012.pdf:pdf},
title = {{Detec{\c{c}}{\~{a}}o e reconhecimento de placa automotiva com baixo custo}},
year = {2012}
}
@article{Manzi2007,
author = {Manzi, Filipe Augusto},
file = {:C$\backslash$:/Ana/PFC/Referencias/Imagem Digital/Manzi{\_}Filipe{\_}Augusto (3).pdf:pdf},
pages = {47},
title = {{Aplica{\c{c}}{\~{a}}o de vis{\~{a}}o computacional para extra{\c{c}}{\~{a}}o de caracter{\'{i}}sticas em imagens do olho humano}},
year = {2007}
}
@book{Waters1997,
author = {Waters, DJ and J{\'{u}}nior, JLP},
file = {:C$\backslash$:/Ana/PFC/Referencias/Imagem Digital/cpba{\_}49{\_}1253284217.pdf:pdf},
isbn = {8570090536},
title = {{Do microfilme {\`{a}} imagem digital}},
url = {http://www.arqsp.org.br/cpba/pdf{\_}cadtec/49.pdf},
year = {1997}
}
@article{JUNIOR2014,
author = {JUNIOR, ILSON AKITO SHIGEHARU},
file = {:C$\backslash$:/Ana/PFC/Referencias/OCR/TCC - Ilson Junior.pdf:pdf},
journal = {Universidade Estadual do Oeste do Paran{\'{a}}},
number = {45},
title = {{Estudo da viabilidade do uso de um OCR na placa Beagleboard e sua integra{\c{c}}{\~{a}}o no xLupa embarcado}},
year = {2014}
}
@article{Nascimento2015,
author = {Nascimento, Victor},
file = {:C$\backslash$:/Users/ana/Downloads/Nascimento{\_}Victor{\_}tcc.pdf:pdf},
title = {{Implementa{\c{c}}{\~{a}}o de um sistema de identifica{\c{c}}{\~{a}}o facial utilizando Linux Embarcado}},
year = {2015}
}
@article{Machado2004,
author = {Machado, Andr{\'{e}} Wilson and Souki, Bernardo Quiroga},
doi = {10.1590/S1415-54192004000400012},
file = {:C$\backslash$:/Ana/PFC/Referencias/Imagem Digital/a12v9n4.pdf:pdf},
journal = {Revista Dental Press de Ortodontia e Ortopedia Facial},
pages = {133--156},
title = {{Simplificando a obten{\c{c}}{\~{a}}o e a utiliza{\c{c}}{\~{a}}o de imagens digitais: scanners e c{\^{a}}meras digitais}},
url = {http://www.scielo.br/scielo.php?script=sci{\_}arttext{\&}pid=S1415-54192004000400012{\&}lang=pt},
year = {2004}
}
@article{Lins2012,
author = {Lins, Luiz Fernando Miranda Vieira},
file = {:C$\backslash$:/Ana/PFC/Referencias/OCR/tcc00068.pdf:pdf},
title = {{Reconhecimento {\'{o}}tipo de caracteres (OCR) e an{\'{a}}lise de sistemas OCR baseados em c{\'{o}}digo aberto}},
year = {2012}
}
@article{Bhaskar,
author = {Bhaskar, S and Lavassar, N and Green, S.},
title = {{Implementing Optical Character Recognition on the Android Operating System for Business Cards}},
year = 2010
}
@article{Baseados2007,
author = {Baseados, Padr{\~{o}}es and Imagens, E M},
file = {:C$\backslash$:/Users/ana/Downloads/T{\'{E}}CNICAS DE RECONHECIMENTO AUTOMATIZADO DE PADR{\~{O}}ES BASEADOS EM IMAGENS DIGITAIS..pdf:pdf},
title = {{PADR{\~{O}}ES BASEADOS EM IMAGENS DIGITAIS . F{\'{a}}tima Aparecida Tagliaferro Jaguari{\'{u}}na}},
year = {2007}
}
@article{Almeida,
author = {Almeida, Aline Gabriel De and Colombini, Esther Luna and Sim{\~{o}}es, Silva and Sorocaba, Campus De},
file = {:C$\backslash$:/Users/ana/Downloads/RESUMO{\_}36914275882{\_}ptg.pdf:pdf},
pages = {26},
title = {{Identifica{\c{c}}{\~{a}}o da posi{\c{c}}{\~{a}}o de objetos circulares coloridos a partir das imagens de uma webcam usando a biblioteca OpenCV Material e M{\'{e}}todos Agradecimentos Resultados e Discuss{\~{a}}o}}
}
@article{ISO,
title = {{Systems and software engineering \- Life cycle processes \- Requirements engineering }},
author = {ISO/IEC},
year = 2011
}
@book{OpenCV,
  title={Learning OpenCV: Computer Vision with the OpenCV Library},
  author={Bradski, G. and Kaehler, A.},
  isbn={9780596554040},
  url={https://books.google.com.br/books?id=seAgiOfu2EIC},
  year={2008},
  publisher={O'Reilly Media}
}
@article{RuiMiguel,
author = {Rui Miguel},
year =  2013,
title = {{Superf{\'{i}}cies Interativas com Kinect}}
}
@article{Carlos2016,
author = {Carlos, Henrique and Boa, Fonte},
file = {:C$\backslash$:/Users/ana/Downloads/HenriqueCarlosFonteBoaCarvalho.pdf:pdf},
title = {{Utiliza{\c{c}}{\~{a}}o de t{\'{e}}cnicas de Reconhecimento de Padr{\~{o}}es para identifica{\c{c}}{\~{a}}o de ataques de DNS Spoofing em redes locais}},
year = {2016}
}
@article{Em,
author = {Em, Visuais and Coloridas, Imagens},
file = {:C$\backslash$:/Users/ana/Downloads/Ueliton2015 ...pdf:pdf},
title = {{Identifica{\c{c}}{\~{a}}o de esp{\'{e}}cies de peixes utilizando histogramas de palavras visuais em imagens coloridas}}
}
